<?xml version="1.0" encoding="UTF-8"?><record xmlns="http://www.loc.gov/MARC21/slim" xmlns:cinclude="http://apache.org/cocoon/include/1.0" xmlns:zs="http://www.loc.gov/zing/srw/">
  <leader>00942cz  a2200157n  4500</leader>
  <controlfield tag="001">n  79141170 </controlfield>
  <controlfield tag="003">DLC</controlfield>
  <controlfield tag="005">20120809080902.0</controlfield>
  <controlfield tag="008">791210n| acannaab           |a ana      </controlfield>
  <datafield tag="010" ind1=" " ind2=" ">
    <subfield code="a">n  79141170 </subfield>
  </datafield>
  <datafield tag="040" ind1=" " ind2=" ">
    <subfield code="a">DLC</subfield>
    <subfield code="b">eng</subfield>
    <subfield code="c">DLC</subfield>
    <subfield code="d">DLC</subfield>
  </datafield>
  <datafield tag="111" ind1="2" ind2=" ">
    <subfield code="a">National Workshop on Innovative Projects in Family Planning and Rural Institutions in Bangladesh</subfield>
    <subfield code="d">(1978 :</subfield>
    <subfield code="c">Dhaka, Bangladesh)</subfield>
  </datafield>
  <datafield tag="411" ind1="2" ind2=" ">
    <subfield code="w">nnaa</subfield>
    <subfield code="a">National Workshop on Innovative Projects in Family Planning and Rural Institutions in Bangladesh,</subfield>
    <subfield code="c">Dacca, Bangladesh,</subfield>
    <subfield code="d">1978</subfield>
  </datafield>
  <datafield tag="411" ind1="2" ind2=" ">
    <subfield code="a">Workshop on Innovative Projects in Family Planning and Rural Institutions in Bangladesh, National</subfield>
  </datafield>
  <datafield tag="667" ind1=" " ind2=" ">
    <subfield code="a">THIS 1XX FIELD CANNOT BE USED UNDER RDA UNTIL THIS RECORD HAS BEEN REVIEWED AND/OR UPDATED</subfield>
  </datafield>
  <datafield tag="670" ind1=" " ind2=" ">
    <subfield code="a">Its Innovative projects in family planning and rural inst. in Bangladesh, 1978:</subfield>
    <subfield code="b">t.p. (National Workshop on Innovative Projects in Family Planning and Rural Institutions in Bangladesh, Dacca, Bangladesh)</subfield>
  </datafield>
</record>